@Online {Gutenberg-2018-10-04,
  title = {Gutenberg},
  date = {2018-10-04},
  file = {:./references/wiki-Main_Page.html:html},
  url = {https://www.gutenberg.org/wiki/Main_Page},
  howpublished={\url{https://www.gutenberg.org/wiki/Main_Page}},
  urldate = {2018-10-04}
}

@Online {WhispersyncforVoiceAudiblecom-2018-10-04,
  title = {Whispersync for Voice | Audible.com},
  date = {2018-10-04},
  file = {:./references/ep-wfs.html:html},
  url = {https://www.audible.com/ep/wfs},
  howpublished={\url{https://www.audible.com/ep/wfs}},
  urldate = {2018-10-04}
}

@Online {LearningAllyJoinLearningAllyAudiobookSubscriptionMembership-2018-10-04,
  title = {Learning Ally - Audiobook Subscription},
  date = {2018-10-04},
  file = {:./references/Adults-Join.html:html},
  url = {https://learningally.org/Adults/Join},
  howpublished={\url{https://learningally.org/Adults/Join}},
  urldate = {2018-10-04}
}

@Online {LibriVoxfreepublicdomainaudiobooks-2018-10-04,
  title = {LibriVox | free public domain audiobooks},
  date = {2018-10-04},
  file = {:./references/.html:html},
  url = {https://librivox.org/},
  howpublished={\url{https://librivox.org/}},
  urldate = {2018-10-04}
}

@Online {mozillaDeepSpeechATensorFlowimplementationofBaidusDeepSpeecharchitecture-2018-10-04,
  title = {DeepSpeech: A TensorFlow implementation of Baidu's DeepSpeech architecture},
  date = {2018-10-04},
  file = {:./references/mozilla-DeepSpeech.html:html},
  url = {https://github.com/mozilla/DeepSpeech},
  howpublished={\url{https://github.com/mozilla/DeepSpeech}},
  urldate = {2018-10-04}
}

@Online {TensorFlow-2018-08-08,
  title = {TensorFlow},
  date = {2018-08-08},
  file = {:./references/.html:html},
  url = {https://www.tensorflow.org/},
  howpublished={\url{https://www.tensorflow.org/}},
  urldate = {2018-10-04}
}

@article{DBLP:journals/corr/HannunCCCDEPSSCN14,
  author    = {Awni Y. Hannun and
               Carl Case and
               Jared Casper and
               Bryan Catanzaro and
               Greg Diamos and
               Erich Elsen and
               Ryan Prenger and
               Sanjeev Satheesh and
               Shubho Sengupta and
               Adam Coates and
               Andrew Y. Ng},
  title     = {Deep Speech: Scaling up end-to-end speech recognition},
  journal   = {CoRR},
  volume    = {abs/1412.5567},
  year      = {2014},
  url       = {http://arxiv.org/abs/1412.5567},
  archivePrefix = {arXiv},
  eprint    = {1412.5567},
  timestamp = {Mon, 13 Aug 2018 16:48:07 +0200},
  biburl    = {https://dblp.org/rec/bib/journals/corr/HannunCCCDEPSSCN14},
  bibsource = {dblp computer science bibliography, https://dblp.org}
}

@article{DBLP:journals/corr/KingmaB14,
  author    = {Diederik P. Kingma and
               Jimmy Ba},
  title     = {Adam: {A} Method for Stochastic Optimization},
  journal   = {CoRR},
  volume    = {abs/1412.6980},
  year      = {2014},
  url       = {http://arxiv.org/abs/1412.6980},
  archivePrefix = {arXiv},
  eprint    = {1412.6980},
  timestamp = {Mon, 13 Aug 2018 16:47:35 +0200},
  biburl    = {https://dblp.org/rec/bib/journals/corr/KingmaB14},
  bibsource = {dblp computer science bibliography, https://dblp.org}
}
